<?xml version="1.0" encoding="UTF-8"?><collection xmlns="http://www.loc.gov/MARC21/slim"><record><leader>00623nam--2200205-i-4500</leader><controlfield tag="001">000010216</controlfield><controlfield tag="002">20161230</controlfield><controlfield tag="005">20161230201028</controlfield><controlfield tag="008">060222s1000------------r-----000-0-eng-d</controlfield><datafield ind1=" " ind2=" " tag="020"><subfield code="a">0720417589</subfield></datafield><datafield ind1=" " ind2=" " tag="040"><subfield code="a">IFIN-HH</subfield></datafield><datafield ind1=" " ind2=" " tag="080"><subfield code="a">539.2:537.561</subfield></datafield><datafield ind1="1" ind2=" " tag="100"><subfield code="a">Dearnaley, G. /S.A.</subfield></datafield><datafield ind1="1" ind2="0" tag="245"><subfield code="a">Ion implantation</subfield><subfield code="b">Defects in crystalline solids. volume 8</subfield><subfield code="c">G. dearnaley, j.h. freeman, r.s. nelson, j. stephen</subfield></datafield><datafield ind1=" " ind2=" " tag="260"><subfield code="a">Amsterdam</subfield><subfield code="b">North-holland Publishing Company</subfield><subfield code="c">1973</subfield></datafield><datafield ind1=" " ind2=" " tag="300"><subfield code="a">XV+802P</subfield></datafield><datafield ind1=" " ind2=" " tag="490"><subfield code="a">Defects In Crystalline Solids</subfield></datafield><datafield ind1="1" ind2=" " tag="700"><subfield code="a">Stephen, J</subfield></datafield><datafield ind1=" " ind2=" " tag="852"><subfield code="a">33839</subfield><subfield code="c">539.2</subfield></datafield><datafield ind1=" " ind2=" " tag="CAT"><subfield code="a">Sys</subfield><subfield code="c">20121018</subfield><subfield code="h">114008</subfield></datafield></record></collection>